% Bibliografía

% Este fichero contiene la bibliografía de la memoria
% Está en un formato que se conoce como BibTex.
% Hay muchos sitios web que exportan referencias en formato BibTeX. 
% Prueba a buscar en http://scholar.google.com por referencias
% y verás que lo puedes hacer de manera sencilla.
% Más información: 
% http://texblog.org/2014/04/22/using-google-scholar-to-download-bibtex-citations/

% Existen varias posibilidades para referenciar diferentes tipos de documentos,
% ya que los datos necesarios varían. Así, existen formatos de entrada para
%     * libros (book)
%     * artículos en revistas de investigación (article)
%     * capítulos de libro (incollection)
%     * informes técnicos (techreport)
%     * otros (misc)
%
% Las páginas web deberían ir como misc.

% Una última cosa: no referencias nunca la WikiPedia
% La WikiPedia, como buena enciclopedia, no es fuente primaria.
% Si acaso, busca por citas en la WikiPedia (que sí ha de referenciar fuentes
% primarias) y haz referencia a las mismas.

@manual{python,
  title        = {Python Documentation: General Python FAQ},
  organization = {Python Software Foundation},
  year         = {s.f.},
  note         = {\url{https://docs.python.org/3/faq/general.html}}
}

@manual{pep8,
  author       = {Guido van Rossum, Barry Warsaw and Nick Coghlan},
  title        = {PEP 8 -- Style Guide for Python Code},
  organization = {Python Software Foundation},
  year         = 2001,
  note         = {\url{https://www.python.org/dev/peps/pep-0008/}}
}

@misc{stackoverflowsurvey,
  author       = {{Stack Exchange, inc}},
  title        = {\textit{Stack Overflow Developer Survey 2020}},
  year         = 2020,
  note         = {\url{https://insights.stackoverflow.com/survey/2020}}
}

@manual{pylint,
  title        = {Pylint 2.5 User Manual},
  organization = {Python Code Quality Authority},
  year         = 2020,
  note         = {\url{http://pylint.pycqa.org/en/2.5/}}
}

@manual{django,
  title        = {Django 3.1 documentation},
  organization = {Django Software Foundation},
  year         = 2020,
  note         = {\url{https://docs.djangoproject.com/en/3.1/}}
}

@manual{postgresql,
  title        = {PostgreSQL 13.3 Documentation},
  organization = {PostgreSQL Global Development Group},
  year         = 2021,
  note         = {\url{https://www.postgresql.org/docs/13/index.html}}
}

@manual{htmlcss,
  title        = {HTML \& CSS},
  organization = {World Wide Web Consortium},
  year         = {s.f.},
  note         = {\url{https://www.postgresql.org/docs/13/index.html}}
}

@manual{bootstrap,
  title        = {Bootstrap v5.0},
  organization = {Bootstrap team},
  year         = {2021},
  note         = {\url{https://getbootstrap.com/docs/5.0/getting-started/introduction/}}
}

@manual{javascript,
  title        = {JavaScript},
  organization = {Mozilla Foundation},
  year         = {s.f.},
  note         = {\url{https://developer.mozilla.org/en-US/docs/Web/JavaScript}}
}

@manual{jquery,
  title        = {jQuery API Documentation},
  organization = {OpenJS Foundation},
  year         = {s.f.},
  note         = {\url{https://api.jquery.com/}}
}

@manual{chartjs,
  title        = {Chart.js v3.3.2 Documentation},
  key          = {Chartjs},
  year         = {2021},
  note         = {\url{https://www.chartjs.org/docs/3.3.2/}}
}

@manual{json,
  title        = {JSON},
  key          = {JSON},
  year         = {s.f.},
  note         = {\url{https://www.json.org/json-en.html}}
}

@manual{git,
  title        = {Git 2.32.0 Documentation},
  organization = {Software Freedom Conservancy},
  year         = {2021},
  note         = {\url{https://git-scm.com/doc}}
}

@manual{github,
  title        = {GitHub Documentation},
  organization = {GitHub, Inc.},
  year         = {s.f.},
  note         = {\url{https://docs.github.com/}}
}

@manual{gitlab,
  title        = {GitLab Documentation},
  organization = {GitLab},
  year         = {s.f.},
  note         = {\url{https://docs.gitlab.com}}
}

@manual{heroku,
  title        = {Heroku Documentation},
  organization = {Heroku Inc.},
  year         = {s.f.},
  note         = {\url{https://devcenter.heroku.com/categories/reference}}
}

@misc{herokudeploy,
  author = {AkhileshNS},
  title = {Heroku Deploy},
  year = {2020},
  publisher = {GitHub},
  journal = {GitHub repository},
  howpublished = {\url{https://github.com/AkhileshNS/heroku-deploy}},
}
